% @book{Nicholas1998Handbook,
%   author={Nicholas J. Higham},
%   title={Handbook of Writing for the Mathematical Sciences},
%   publisher={Society for Industrial and Applied Mathematics},
%   year={1998},
%   address={Philadelphia},
% }

%机器人手册
@book{Siciliano2016handbook,
 title={Handbook of Robotics},
 author={Siciliano, B and Khatib, O},
 year={2016},
 publisher={Springer}
}
 
% legged robot that balance
@book{Raibert1984walkingrobots,
 title={Legged Robot thats Balance},
 author={Raibert, M H and Tello, E R},
 year={1986},
 publisher={MIT Press}
}

% Yamaguchi Humanoid
@article{Yamaguchi1997humanoid,
  title={Development of a Leg Part of a Humanoid Robot - Development of a Biped Walking Robot Adapting to the Humans' Normal Living Floor},
  author={Yamaguchi, J and Takanishi, A},
  journal={Autonomous Robots},
  volumn={4},
  number={4},
  pages={369-385},
  year={1997},
  publisher={Springer}
}

% 青岛港
@misc{Qingdaoport,
  title={青岛港国际股份有限公式},
  author={青岛港国际股份有限公式},
  year={2014},
  howpublished={\url{https://www.qingdao-port.com/}}
}

@misc{introducinghandle,
  title={Introducing Handle},
  author={Boston Dynamics},
  year={2017},
  howpublished={\url{https://www.youtube.com/watch?v=-7xvqQeoA8c}}
}

@misc{handle4logistics,
  title={Handle Robot Reimagined for Logistics},
  author={Boston Dynamics},
  year={2019},
  howpublished={\url{https://www.youtube.com/watch?v=5iV_hB08Uns&t=6s}}
}

@misc{abouthandle,
  title={About Handle},
  author={Boston Dynamics},
  year={2022},
  howpublished={\url{https://www.bostondynamics.com/handle}}
}

@misc{aboutatlas,
  title={About Atlas},
  author={Boston Dynamics},
  year={2022},
  howpublished={\url{https://www.bostondynamics.com/atlas}}
}

@misc{ascentopro,
  title={This is Ascento Pro},
  author={Ascento Robotics},
  year={2021},
  howpublished={\url{https://www.youtube.com/watch?v=Uxt2wTI0m5o}}
}

% 哈工大 WRL
@inproceedings{li2018design,
  title={Design and experiments of a novel hydraulic wheel-legged robot (WLR)},
  author={Li, Xu and Zhou, Haitao and Feng, Haibo and Zhang, Songyuan and Fu, Yili},
  booktitle={2018 IEEE/RSJ International Conference on Intelligent Robots and Systems (IROS)},
  pages={3292--3297},
  year={2018},
  organization={IEEE}
}

% 哈工大轮腿 变高度
@iinproceedings{liu2019dynamic,
  title={Dynamic height balance control for bipedal wheeled robot based on ROS-Gazebo},
  author={Liu, Tangyou and Zhang, Chao and Song, Shuang and Meng, Max Q-H},
  booktitle={2019 IEEE International Conference on Robotics and Biomimetics (ROBIO)},
  pages={1875--1880},
  year={2019},
  organization={IEEE}
}

% 哈工大轮腿 本体设计
@inproceedings{zhang2019system,
  title={System design and balance control of a bipedal leg-wheeled robot},
  author={Zhang, Chao and Liu, Tangyou and Song, Shuang and Meng, Max Q-H},
  booktitle={2019 IEEE International Conference on Robotics and Biomimetics (ROBIO)},
  pages={1869--1874},
  year={2019},
  organization={IEEE}
}

% SR600 thesis
@mastersthesis{zhang2020sr600,
  title={双足轮腿机器人系统设计与运动控制研究},
  author={张弨},
  year={2020},
  school={哈尔滨工业大学}
}

% Ascento 2019 机器人本体篇
@inproceedings{klemm2019ascento,
  title={Ascento: A two-wheeled jumping robot},
  author={Klemm, Victor and Morra, Alessandro and Salzmann, Ciro and Tschopp, Florian and Bodie, Karen and Gulich, Lionel and K{\"u}ng, Nicola and Mannhart, Dominik and Pfister, Corentin and Vierneisel, Marcus and others},
  booktitle={2019 International Conference on Robotics and Automation (ICRA)},
  pages={7515--7521},
  year={2019},
  organization={IEEE}
}

% Ascento 2020控制进阶
@article{klemm2020lqr,
  title={LQR-assisted whole-body control of a wheeled bipedal robot with kinematic loops},
  author={Klemm, Victor and Morra, Alessandro and Gulich, Lionel and Mannhart, Dominik and Rohr, David and Kamel, Mina and de Viragh, Yvain and Siegwart, Roland},
  journal={IEEE Robotics and Automation Letters},
  volume={5},
  number={2},
  pages={3745--3752},
  year={2020},
  publisher={IEEE}
}

%腾讯轮腿
@inproceedings{wang2021balance,
  title={Balance control of a novel wheel-legged robot: Design and experiments},
  author={Wang, Shuai and Cui, Leilei and Zhang, Jingfan and Lai, Jie and Zhang, Dongsheng and Chen, Ke and Zheng, Yu and Zhang, Zhengyou and Jiang, Zhong-Ping},
  booktitle={2021 IEEE International Conference on Robotics and Automation (ICRA)},
  pages={6782--6788},
  year={2021},
  organization={IEEE}
}

% ETH 带机械臂的ballbot
@article{minniti2019whole,
  title={Whole-body mpc for a dynamically stable mobile manipulator},
  author={Minniti, Maria Vittoria and Farshidian, Farbod and Grandia, Ruben and Hutter, Marco},
  journal={IEEE Robotics and Automation Letters},
  volume={4},
  number={4},
  pages={3687--3694},
  year={2019},
  publisher={IEEE}
}


% QDD 概念
@article{wensing2017proprioceptive,
  title={Proprioceptive actuator design in the mit cheetah: Impact mitigation and high-bandwidth physical interaction for dynamic legged robots},
  author={Wensing, Patrick M and Wang, Albert and Seok, Sangok and Otten, David and Lang, Jeffrey and Kim, Sangbae},
  journal={Ieee transactions on robotics},
  volume={33},
  number={3},
  pages={509--522},
  year={2017},
  publisher={IEEE}
}

% NeZha 
@article{chen2020underactuated,
  title={Underactuated motion planning and control for jumping with wheeled-bipedal robots},
  author={Chen, Hua and Wang, Bingheng and Hong, Zejun and Shen, Cong and Wensing, Patrick M and Zhang, Wei},
  journal={IEEE Robotics and Automation Letters},
  volume={6},
  number={2},
  pages={747--754},
  year={2020},
  publisher={IEEE}
}

%电动机的书
@book{hughes2006electric,
  title={Electric Motors and Drivers},
  author={Austin, Hughes},
  volumn={2},
  year={2006},
  publisher={Elsevier}
}

%RMC-book，机器人建模和控制
@book{spong2006robot,
  title={Robot modeling and control},
  author={Spong, Mark W and Hutchinson, Seth and Vidyasagar, Mathukumalli and others},
  volume={3},
  year={2006},
  publisher={Wiley New York}
}

%RVC-book, Peter Corke课本
@book{corke2011robotics,
  title={Robotics, vision and control: fundamental algorithms in MATLAB},
  author={Corke, Peter I and Khatib, Oussama},
  volume={73},
  year={2011},
  publisher={Springer}
}

%modern robotics- 现代机器人学
@book{lynch2017modern,
  title={Modern robotics},
  author={Lynch, Kevin M and Park, Frank C},
  year={2017},
  publisher={Cambridge University Press}
}

% Ascento LQR引用了
@book{li2012advanced,
  title={Advanced control of wheeled inverted pendulum systems},
  author={Li, Zhijun and Yang, Chenguang and Fan, Liping},
  year={2012},
  publisher={Springer Science \& Business Media}
}

@book{featherstone2014rigid,
  title={Rigid body dynamics algorithms},
  author={Featherstone, Roy},
  year={2014},
  publisher={Springer}
}

@book{siegwart2011introduction,
  title={Introduction to autonomous mobile robots},
  author={Siegwart, Roland and Nourbakhsh, Illah Reza and Scaramuzza, Davide},
  year={2011},
  publisher={MIT press}
}

@inproceedings{katz2019mini,
  title={Mini cheetah: A platform for pushing the limits of dynamic quadruped control},
  author={Katz, Benjamin and Di Carlo, Jared and Kim, Sangbae},
  booktitle={2019 International Conference on Robotics and Automation (ICRA)},
  pages={6295--6301},
  year={2019},
  organization={IEEE}
}

% Cassie robot - 需要找到最原始的论文
@inproceedings{apgar2018fast-cassie,
  title={Fast Online Trajectory Optimization for the Bipedal Robot Cassie.},
  author={Apgar, Taylor and Clary, Patrick and Green, Kevin and Fern, Alan and Hurst, Jonathan W},
  booktitle={Robotics: Science and Systems},
  volume={101},
  pages={14},
  year={2018}
}

%机器人手册-第二版（尽量用这本，本体驱动包含在里面）
@book{khatib2016springer,
  title={Springer Handbook of robotics},
  author={Khatib, Oussama and Siciliano, Bruno},
  year={2016},
  publisher={Springer International Publishing}
}

%[3]	Rainer Bischoff, Johannes Kurth, Günter Schreiber, Ralf Koeppe, Alin Albu-Schäffer, Alexander Beyer, Oliver Eiberger et al. The KUKA-DLR Lightweight Robot arm-a new reference platform for robotics research and manufacturing. In ISR 2010 (41st international symposium on robotics) and ROBOTIK 2010 (6th German conference on robotics), VDE, 2010:1-8.
@inproceedings{bischoff2010kuka,
  title={The KUKA-DLR Lightweight Robot arm-a new reference platform for robotics research and manufacturing},
  author={Bischoff, Rainer and Kurth, Johannes and Schreiber, G{\"u}nter and Koeppe, Ralf and Albu-Sch{\"a}ffer, Alin and Beyer, Alexander and Eiberger, Oliver and Haddadin, Sami and Stemmer, Andreas and Grunwald, Gerhard and others},
  booktitle={ISR 2010 (41st international symposium on robotics) and ROBOTIK 2010 (6th German conference on robotics)},
  pages={1--8},
  year={2010},
  organization={VDE}
}

%[8]	Gill A. Pratt, and Matthew M. Williamson. Series elastic actuators. In Proceedings 1995 IEEE/RSJ International Conference on Intelligent Robots and Systems. Human Robot Interaction and Cooperative Robots, 1995,1: 399-406. 
@inproceedings{pratt1995series,
  title={Series elastic actuators},
  author={Pratt, Gill A and Williamson, Matthew M},
  booktitle={Proceedings 1995 IEEE/RSJ International Conference on Intelligent Robots and Systems. Human Robot Interaction and Cooperative Robots},
  volume={1},
  pages={399--406},
  year={1995},
  organization={IEEE}
}


%[23]	Sangok Seok, Albert Wang, David Otten, and Sangbae Kim. Actuator design for high force proprioceptive control in fast legged locomotion. In 2012 IEEE/RSJ International Conference on Intelligent Robots and Systems, 2012: 1970-1975. 
@inproceedings{seok2012actuator,
  title={Actuator design for high force proprioceptive control in fast legged locomotion},
  author={Seok, Sangok and Wang, Albert and Otten, David and Kim, Sangbae},
  booktitle={2012 IEEE/RSJ International Conference on Intelligent Robots and Systems},
  pages={1970--1975},
  year={2012},
  organization={IEEE}
}

%[45]	P. M. Wensing, A. Wang, S. Seok, D. Otten, J. Lang, and S. Kim. Proprioceptive Actuator Design in the MIT Cheetah: Impact Mitigation and High-Bandwidth Physical Interaction for Dynamic Legged Robots. IEEE Transactions on Robotics, 2017, 33(3):509-522.
@article{wensing2017proprioceptive,
  title={Proprioceptive actuator design in the mit cheetah: Impact mitigation and high-bandwidth physical interaction for dynamic legged robots},
  author={Wensing, Patrick M and Wang, Albert and Seok, Sangok and Otten, David and Lang, Jeffrey and Kim, Sangbae},
  journal={Ieee transactions on robotics},
  volume={33},
  number={3},
  pages={509--522},
  year={2017},
  publisher={IEEE}
}


@inproceedings{eiji1993leg,
  title={Leg-wheel robot: a futuristic mobile platform for forestry industry},
  author={Eiji, N and Sei, N},
  booktitle={Proceedings of 1993 IEEE/Tsukuba International Workshop on Advanced Robotics},
  pages={109--112},
  year={1993},
  organization={IEEE}
}
